% Encoding: UTF-8




@book{Karin,
	Date-Added = {2016-05-13 11:57:42 +0000},
	Date-Modified = {2016-05-13 12:00:06 +0000},
	Publisher = {Karin Juhl },
	Title = {Mail fra Telemedicinsk implementerings sygeplejeske, Karin Juhl },
	Year = {2016}}

@book{hals,
	Date-Added = {2016-05-13 08:51:46 +0000},
	Date-Modified = {2016-05-13 08:53:01 +0000},
	Publisher = {Halsn{\ae}s Kommune},
	Title = {Virtuel Hjemmepleje},
	Year = {2015}}

@webpage{viborg,
	Date-Added = {2016-05-13 08:50:50 +0000},
	Date-Modified = {2016-05-13 08:51:11 +0000},
	Lastchecked = {28-04-2016},
	Url = {http://kommune.viborg.dk/Borger/Seniorer-og-pensionister/Hjaelp-i-hjemmet/Velfaerdsteknologi/Teknologier-og-projekter/Telesundhed/Virtuel-hjemme-og-sygepleje},
	Bdsk-Url-1 = {http://kommune.viborg.dk/Borger/Seniorer-og-pensionister/Hjaelp-i-hjemmet/Velfaerdsteknologi/Teknologier-og-projekter/Telesundhed/Virtuel-hjemme-og-sygepleje}}

@book{KLs,
	Date-Added = {2016-05-13 08:34:33 +0000},
	Date-Modified = {2016-05-13 08:35:20 +0000},
	Publisher = {Kommunernes landsforening (KL)},
	Title = {Kommunernes strategi for telesundhed},
	Year = {2013}}

@webpage{sundhed,
	Date-Added = {2016-05-13 07:27:38 +0000},
	Date-Modified = {2016-05-13 07:27:54 +0000},
	Lastchecked = {28-04-2016},
	Url = {http://sundhedsdatastyrelsen.dk/da/rammer-og-retningslinjer/om-digitaliseringsstrategi/telemedicin-og-telesundhed},
	Bdsk-Url-1 = {http://sundhedsdatastyrelsen.dk/da/rammer-og-retningslinjer/om-digitaliseringsstrategi/telemedicin-og-telesundhed}}

@book{digst2,
	Date-Added = {2016-05-13 07:18:50 +0000},
	Date-Modified = {2016-05-13 07:19:45 +0000},
	Publisher = {Digitaliseringsstyrelsen},
	Title = {Forel{\o}bigt m{\aa}lbillede for digitalisering af den offentlige sektor i 2020},
	Year = {2015}}

@webpage{digst1,
	Date-Added = {2016-05-13 07:16:05 +0000},
	Date-Modified = {2016-05-13 07:16:56 +0000},
	Lastchecked = {28-04-2016},
	Url = {http://www.digst.dk/Digitaliseringsstrategi/Ny-digitaliseringsstrategien-2016-2020/Kommissorium-og-maalbillede-2020},
	Bdsk-Url-1 = {http://www.digst.dk/Digitaliseringsstrategi/Ny-digitaliseringsstrategien-2016-2020/Kommissorium-og-maalbillede-2020}}

@book{NationalH,
	Date-Added = {2016-05-13 07:11:41 +0000},
	Date-Modified = {2016-05-13 07:14:31 +0000},
	Publisher = {Regeringen m.fl.},
	Title = {Telemedicin - en n{\o}gle til fremtidens sundhedsydelser},
	Year = {2012}}

@webpage{Digst,
	Date-Added = {2016-05-13 06:58:21 +0000},
	Date-Modified = {2016-05-13 06:59:18 +0000},
	Lastchecked = {28-04-2016},
	Url = {http://www.digst.dk/Digital-velfaerd/Initiativer-og-projekter/Projekter-i-Strategi-for-digital-velfaerd/Udbredelse-af-telemedicin-i-hele-landet_fokusomraade1},
	Bdsk-Url-1 = {http://www.digst.dk/Digital-velfaerd/Initiativer-og-projekter/Projekter-i-Strategi-for-digital-velfaerd/Udbredelse-af-telemedicin-i-hele-landet_fokusomraade1}}

@book{KL,
	Date-Added = {2016-05-13 06:31:28 +0000},
	Date-Modified = {2016-05-13 07:15:15 +0000},
	Journal = {Analyserapport},
	Publisher = {Kommunernes landsforening (KL)},
	Title = {Danmark i forandring (1. kapitel)},
	Year = {2014}}

@Article{Baf1,
  author  = {Wade V, Izzo J, Hamlyn J},
  title   = {Videophone delivery of medication management in community nursing},
  journal = {Electronic Journal of Health Informatics},
  year    = {2009},
  volume  = {4},
  pages   = {1-5},
}

@Article{Baf2,
  author  = {Husebø AML, Storm M},
  title   = {Virtual Visits in Home Health Care for Older Adults},
  journal = {The Scientific World Journal},
  year    = {2014},
  volume  = {2014},
  pages   = {1-14},
}

@Article{daekningskort,
  author  = {Kian Johansen},
  title   = {Favrskovs mobilhuller: Hvor er dine?},
  journal = {FavrskovPosten},
  year    = {2015},
  url     = {http://favrskov.lokalavisen.dk/favrskovs-mobilhuller--hvor-er-dine-/20150728/artikler/707299973/1494},
}

@TechReport{webrtcjournal,
  author      = {Albert Abelló Lozano},
  title       = {Performance analysis of topologies for Web-based Real-Time Communication (WebRTC)},
  institution = {Aalto University},
  year        = {2013},
  url         = {https://aaltodoc.aalto.fi/bitstream/handle/123456789/11093/master_Abell%C3%B3_Lozano_Albert_2013.pdf?sequence=1},
}

@Online{videolink2me,
  title   = {Bandwidth Requirement for WebRTC Video Conference Call},
  year    = {2015},
  date    = {2015-08-04},
  url     = {http://blog.videolink2.me/post/115839200021/bandwidth-requirement-for-webrtc-video-conference-call},
  urldate = {2016-05-17},
}

@Online{statadsl,
  author  = {Danmarks Statistik},
  title   = {DIS122: Bredbåndsabonnementer efter bredbåndstype},
  url     = {http://www.statistikbanken.dk/DIS122},
  urldate = {2016-05-17},
}

@Online{tdcdaekning,
  author  = {TDC},
  title   = {TDC Dækningskort},
  year    = {2016},
  url     = {http://daekning.tdc.dk/tdcnetmap_ext_tile/Default/mobile},
  urldate = {2016-04-27},
}

@Article{tv2oj_daekning,
  author       = {Karsten Smed},
  title        = {Favrskov: Her er der ringe mobildækning},
  journaltitle = {TV2 OJ},
  year         = {2015},
  date         = {2015-11-07},
  url          = {http://www.tv2oj.dk/artikel/280010:Favrskov--Favrskov--Her-er-der-ringe-mobildaekning},
  urldate      = {2016-05-17},
}

@Report{itanvendelse2014,
  author      = {Justyna Wijas-Jensen},
  title       = {It-anvendelse i befolkningen - 2014},
  type        = {Rapport},
  institution = {Danmarks Statistik},
  year        = {2014},
  date        = {2014-10-28},
  url         = {http://www.dst.dk/Site/Dst/Udgivelser/GetPubFile.aspx?id=18686&sid=itbef},
}

@Report{vogi,
  title       = {Vejledning om informationssikkerhed i sundhedsvæsenet},
  institution = {Sundhedsdatastyrelsen},
  year        = {2015},
  url         = {http://prodstoragehoeringspo.blob.core.windows.net/0e3d3dd1-703a-470a-a948-2e5cdbd29681/Vejledning%20om%20informationssikkerhed%20i%20sundhedsv%C3%A6senet%20H%C3%98RINGSVERSION.docx},
}

@Online{shbekendt,
  title   = {Bekendtgørelse om sikkerhedsforanstaltninger til beskyttelse af personoplysninger, som behandles for den offentlige forvaltning},
  url     = {https://www.retsinformation.dk/forms/r0710.aspx?id=842},
  urldate = {2016-05-17},
}

@Online{digitalvel,
  author = {Regeringen, KL, Danske Regioner},
  title  = {Digital Velværd - En lettere hverdag},
  year   = {2013},
  url    = {http://www.digst.dk/~/media/Files/Velfaerdsteknologi/Strategi-for-digital-velfaerd/digital_velfaerd.pdf},
}

@Comment{jabref-meta: databaseType:biblatex;}
