% Encoding: UTF-8

@Book{moedeappinux,
  title    = {Mødereferat med Appinux},
  crossref = {Bilag 2},
}




@book{Karin,
	Date-Added = {2016-05-13 11:57:42 +0000},
	Date-Modified = {2016-05-13 12:00:06 +0000},
	Publisher = {Karin Juhl },
	Title = {Mail fra Telemedicinsk implementerings sygeplejeske, Karin Juhl },
	Year = {2016}}

@Report{hals,
  title         = {Virtuel Hjemmepleje},
  institution   = {Halsnæs Kommune},
  year          = {2015},
  date-added    = {2016-05-13 08:51:46 +0000},
  date-modified = {2016-05-13 08:53:01 +0000},
  publisher     = {Halsn{\ae}s Kommune},
}

@Online{viborg,
  title         = {Virtuel hjemme- og sygepleje},
  year          = {2015},
  url           = {http://kommune.viborg.dk/Borger/Seniorer-og-pensionister/Hjaelp-i-hjemmet/Velfaerdsteknologi/Teknologier-og-projekter/Telesundhed/Virtuel-hjemme-og-sygepleje},
  organization  = {Viborg Kommune},
  urldate       = {2016-04-28},
  bdsk-url-1    = {http://kommune.viborg.dk/Borger/Seniorer-og-pensionister/Hjaelp-i-hjemmet/Velfaerdsteknologi/Teknologier-og-projekter/Telesundhed/Virtuel-hjemme-og-sygepleje},
  date-added    = {2016-05-13 08:50:50 +0000},
  date-modified = {2016-05-13 08:51:11 +0000},
  lastchecked   = {28-04-2016},
}

@Report{KLs,
  title         = {Kommunernes strategi for telesundhed},
  institution   = {Kommunernes landsforening},
  year          = {2013},
  date-added    = {2016-05-13 08:34:33 +0000},
  date-modified = {2016-05-13 08:35:20 +0000},
  publisher     = {Kommunernes landsforening (KL)},
}

@Online{sundhed,
  title         = {Telemedicin og telesundhed},
  year          = {2016},
  url           = {http://sundhedsdatastyrelsen.dk/da/rammer-og-retningslinjer/om-digitaliseringsstrategi/telemedicin-og-telesundhed},
  organization  = {Sundhedsdatastyrelsen},
  urldate       = {2016-04-28},
  bdsk-url-1    = {http://sundhedsdatastyrelsen.dk/da/rammer-og-retningslinjer/om-digitaliseringsstrategi/telemedicin-og-telesundhed},
  date-added    = {2016-05-13 07:27:38 +0000},
  date-modified = {2016-05-13 07:27:54 +0000},
  lastchecked   = {28-04-2016},
}

@Report{digst2,
  title         = {Forel{\o}bigt m{\aa}lbillede for digitalisering af den offentlige sektor i 2020},
  institution   = {Digitaliseringsstyrelsen},
  year          = {2015},
  date-added    = {2016-05-13 07:18:50 +0000},
  date-modified = {2016-05-13 07:19:45 +0000},
  publisher     = {Digitaliseringsstyrelsen},
}

@Online{digst1,
  title         = {Fremdrift, styring og løbende tilpasning},
  year          = {2016},
  url           = {http://www.digst.dk/Digitaliseringsstrategi/Ny-digitaliseringsstrategien-2016-2020/Kommissorium-og-maalbillede-2020},
  organization  = {Digitaliseringsstyrelsen},
  urldate       = {2016-04-28},
  bdsk-url-1    = {http://www.digst.dk/Digitaliseringsstrategi/Ny-digitaliseringsstrategien-2016-2020/Kommissorium-og-maalbillede-2020},
  date-added    = {2016-05-13 07:16:05 +0000},
  date-modified = {2016-05-13 07:16:56 +0000},
  lastchecked   = {28-04-2016},
}

@Report{NationalH,
  title         = {Telemedicin - en n{\o}gle til fremtidens sundhedsydelser},
  institution   = {Regeringen, KL, Danske Regioner},
  year          = {2012},
  date-added    = {2016-05-13 07:11:41 +0000},
  date-modified = {2016-05-13 07:14:31 +0000},
  publisher     = {Regeringen m.fl.},
}

@Online{Digst,
  title         = {Udbredelse af telemedicin i hele landet},
  year          = {2016},
  url           = {http://www.digst.dk/Digital-velfaerd/Initiativer-og-projekter/Projekter-i-Strategi-for-digital-velfaerd/Udbredelse-af-telemedicin-i-hele-landet_fokusomraade1},
  organization  = {Digitaliseringsstyrelsen},
  urldate       = {2016-04-28},
  bdsk-url-1    = {http://www.digst.dk/Digital-velfaerd/Initiativer-og-projekter/Projekter-i-Strategi-for-digital-velfaerd/Udbredelse-af-telemedicin-i-hele-landet_fokusomraade1},
  date-added    = {2016-05-13 06:58:21 +0000},
  date-modified = {2016-05-13 06:59:18 +0000},
  lastchecked   = {28-04-2016},
}

@Report{KL,
  title         = {Danmark i forandring},
  institution   = {Kommunernes landsforening},
  year          = {2014},
  subtitle      = {Udvikling i lokal balance},
  date-added    = {2016-05-13 06:31:28 +0000},
  date-modified = {2016-05-13 07:15:15 +0000},
  journal       = {Analyserapport},
  publisher     = {Kommunernes landsforening (KL)},
}

@Article{Baf2,
  author  = {Anne Marie Lunde Husebø, Marianne Storm},
  title   = {Virtual Visits in Home Health Care for Older Adults},
  year    = {2014},
  volume  = {2014},
  pages   = {1-14},
  journal = {The Scientific World Journal},
}

@Article{daekningskort,
  author  = {Kian Johansen},
  title   = {Favrskovs mobilhuller: Hvor er dine?},
  journal = {FavrskovPosten},
  year    = {2015},
  url     = {http://favrskov.lokalavisen.dk/favrskovs-mobilhuller--hvor-er-dine-/20150728/artikler/707299973/1494},
}

@TechReport{webrtcjournal,
  author      = {Albert Abelló Lozano},
  title       = {Performance analysis of topologies for Web-based Real-Time Communication (WebRTC)},
  institution = {Aalto University},
  year        = {2013},
  url         = {https://aaltodoc.aalto.fi/bitstream/handle/123456789/11093/master_Abell%C3%B3_Lozano_Albert_2013.pdf?sequence=1},
}

@Online{videolink2me,
  title   = {Bandwidth Requirement for WebRTC Video Conference Call},
  year    = {2015},
  date    = {2015-08-04},
  url     = {http://blog.videolink2.me/post/115839200021/bandwidth-requirement-for-webrtc-video-conference-call},
  urldate = {2016-05-17},
}

@Online{statadsl,
  title        = {DIS122: Bredbåndsabonnementer efter bredbåndstype},
  url          = {http://www.statistikbanken.dk/DIS122},
  organization = {Danmarks Statistik},
  urldate      = {2016-05-17},
}

@Online{tdcdaekning,
  author  = {TDC},
  title   = {Dækningskort},
  year    = {2016},
  url     = {http://daekning.tdc.dk/tdcnetmap_ext_tile/Default/mobile},
  urldate = {2016-04-27},
}

@Online{tv2oj_daekning,
  author       = {Karsten Smed},
  title        = {Favrskov: Her er der ringe mobildækning},
  year         = {2015},
  date         = {2015-11-07},
  url          = {http://www.tv2oj.dk/artikel/280010:Favrskov--Favrskov--Her-er-der-ringe-mobildaekning},
  organization = {TV2 OJ},
  urldate      = {2016-05-17},
  journaltitle = {TV2 OJ},
}

@Report{itanvendelse2014,
  author      = {Justyna Wijas-Jensen},
  title       = {It-anvendelse i befolkningen - 2014},
  type        = {Rapport},
  institution = {Danmarks Statistik},
  year        = {2014},
  date        = {2014-10-28},
  pages       = {9-11},
  url         = {http://www.dst.dk/Site/Dst/Udgivelser/GetPubFile.aspx?id=18686&sid=itbef},
}

@Report{vogi,
  title       = {Vejledning om informationssikkerhed i sundhedsvæsenet},
  institution = {Sundhedsdatastyrelsen},
  year        = {2015},
  url         = {http://prodstoragehoeringspo.blob.core.windows.net/0e3d3dd1-703a-470a-a948-2e5cdbd29681/Vejledning%20om%20informationssikkerhed%20i%20sundhedsv%C3%A6senet%20H%C3%98RINGSVERSION.docx},
}

@Online{shbekendt,
  title   = {Bekendtgørelse om sikkerhedsforanstaltninger til beskyttelse af personoplysninger, som behandles for den offentlige forvaltning},
  url     = {https://www.retsinformation.dk/forms/r0710.aspx?id=842},
  urldate = {2016-05-17},
}

@Online{digitalvel,
  title        = {Digital Velværd - En lettere hverdag},
  year         = {2013},
  url          = {http://www.digst.dk/~/media/Files/Velfaerdsteknologi/Strategi-for-digital-velfaerd/digital_velfaerd.pdf},
  organization = {Regeringen, KL, Danske Regioner},
  urldate      = {2016-05-19},
}

@Report{projektplan,
  title       = {Projektplan - Skærmopklad til borger},
  institution = {Farvskov Kommune},
  year        = {2015},
}

@Article{Ekeland,
  author       = {Anne G. Ekeland, Alison Bowes A, Signe Flottorp},
  title        = {Effetiveness of telemedicine: A systematic review of reviews},
  journaltitle = {International Jounal of Medical Informatics},
  year         = {2010},
  volume       = {79(11)},
  pages        = {736-71},
}

@Article{Dellifraine,
  author       = {Jami L DelliFraine, Kathryn H Dansky},
  title        = {Home-based telehealth: a review and meta-analysis},
  journaltitle = {Journal of Telemedicine and Telecare},
  year         = {2008},
  volume       = {14(2)},
  pages        = {62-66},
}

@Article{wade,
  author       = {Victoria Wade, Jo Izzo, Jeremy Hamlyn},
  title        = {Videophone delivery of medication management in ccommunity nursing},
  journaltitle = {Electronic Journal of Health Informatics},
  year         = {2009},
  volume       = {4(1)},
  pages        = {1-5},
}

@Report{kandidat,
  author      = {Ida Munk Petersen, Trine Søby Christensen},
  title       = {Evaluering og dokumentation af telesundhed i kommunal hjemmepleje/-sygepleje},
  type        = {Kandidatspeciale},
  institution = {Aalborg Universitet},
  year        = {2015},
}

@Online{netsapp,
  title        = {Betalingsservice},
  url          = {https://play.google.com/store/apps/details?id=com.nets.betalingsservice&hl=da},
  organization = {Google Play},
  urldate      = {2016-05-19},
}

@Article{telenursing,
  author       = {Antonia Arnaert, Lucas Delesie},
  title        = {Telenursing for the elderly. The case for care via videop-telephony},
  journaltitle = {Journal of Telemedicine and Telecare},
  volume       = {7(6)},
}

@Online{tdchastigheder,
  title        = {TDC Bredbånd},
  url          = {http://privat.tdc.dk/internet/},
  organization = {TDC},
  urldate      = {2016-05-21},
}

@Online{telenorhastigheder,
  title   = {Telenor Bredbånd},
  url     = {https://www.telenor.dk/shop/bredbaand/},
  urldate = {2016-05-22},
}

@Online{appinuxwebsite,
  title   = {Appinux Website},
  url     = {https://appinux.com/da/appinux-platform/},
  urldate = {2016-05-11},
}

@Online{webrtchjemmeside,
  title   = {WebRTC Website},
  url     = {https://webrtc.org/},
  urldate = {2016-05-04},
}

@Article{Paf2,
  author       = {R Currell, C Urquhart, P Wainright, R Lewis},
  title        = {Telemedicine versus face to face patient care: Effects on professional practice and heath care outcomes},
  journaltitle = {Cochrane Database of Systematic Reviews},
  year         = {2000},
  volume       = {2},
  pages        = {1-34},
}

@Report{mtv,
  author      = {FB Kristensen, H Sigmund},
  title       = {Metodehåndbog for Medicinsk Teknologivurdering},
  institution = {Sundhedsstyrrelsen},
  year        = {2007},
  publisher   = {Sundhedsstyrrelsen},
}

@Online{etiskhjul,
  author  = {Bjarne W Andreasen},
  title   = {Etik i pædagogisk arbejde},
  year    = {2015},
  url     = {http://bjarnewandresen.dk/etik-i-paedagogisk-arbejde/},
  urldate = {2016-05-23},
}

@Online{favrskovkommune,
  title    = {Favrskov Kommune},
  year     = {2016},
  url      = {https://www.favrskov.dk/kommunen},
  subtitle = {Kommunen},
  urldate  = {2016-05-11},
}

@Online{favrskovkommune2,
  title    = {Favrskov Kommune},
  year     = {2016},
  url      = {https://www.favrskov.dk/kommunen/politik-og-planer/sundhedspolitik},
  subtitle = {Kommunen},
  urldate  = {2016-05-11},
}

@Online{favrskovkommune3,
  title    = {Favrskov Kommune},
  year     = {2016},
  url      = {https://www.favrskov.dk/borger/omsorg-og-sundhed/aeldre},
  subtitle = {Ældre},
  urldate  = {2016-05-11},
}

@Online{netplan,
  title    = {Netplan},
  url      = {http://netplan.dk/index.php/nyt/artikler/10-sectionnetplan/catnyheder/130-ny-med-2},
  subtitle = {Samarbejde med Aarhus Universitet Sundhedsteknologi},
  urldate  = {2016-05-23},
}

@Online{vancouver,
  author       = {Rasmus Thorbjørn Nielsen},
  title        = {Litteraturhenvisninger og litteraturlister - Vancouver-formatet},
  year         = {2014},
  url          = {http://library.au.dk/fileadmin/www.bibliotek.au.dk/Guides/Referencehaandtering/Litteraturhenvisninger_i_Vancouver.pdf},
  organization = {AU Library},
  urldate      = {2016-04-21},
}

@Online{sstyr,
  author  = {Sundhedsstyrrelsen},
  title   = {Sundhedsstyrrelsen},
  year    = {2016},
  url     = {http://sundhedsstyrelsen.dk/da/om-os},
  urldate = {2016-05-23},
}

@BookInBook{Ikt,
  author     = {Erik Aalund, Marianne Lund Jespersen, Kåre M. Rasmussen},
  title      = {Organisatorisk implementering af informations- og kommunikationsteknologi (Ikt)},
  booktitle  = {Ikt og Læring},
  year       = {2008},
  bookauthor = {Ulla Konnerup, Marianne Riis, Søren Skott Andreassen, Lone Dirckinkck-Holmfeld},
  publisher  = {Aalborg Universitetsforlag},
  location   = {Aalborg Universitet},
  pages      = {119-135},
}

@Article{Mair,
  author       = {F S Mair, P Goldstein, C May, R Angus, C Shiels, D Hibbert, J O'conner, A Boland, C Roberts, A Haycox, S Capewell},
  title        = {Patient and Provider Perspectives on home telecare: Preliminary resultats from a randomized controlled trial},
  journaltitle = {Journal of Telemedicine and Telecare},
  year         = {2005},
  volume       = {11 (Suppl. 1)},
  pages        = {95-97},
}

@Article{cost,
  author       = {Stacey Hassall, Richard Wootton, Clare Guifoyle},
  title        = {The cost of allied assessments deliveried by videoconference to a residential facility for elderly people},
  journaltitle = {Journal of Telemedicine and Telecare 2003},
  year         = {2003},
  volume       = {9},
  pages        = {234-237},
}

@Article{solrun,
  author       = {Solrun G. Holm, Ragnhild O. Angelsen},
  title        = {A descriptive retrospective study of time consumption in home care services: how do employees use thir working time?},
  journaltitle = {BMC Health Services Research},
  year         = {2014},
  volume       = {14},
  pages        = {439},
}

@Article{jose,
  author       = {José M. Peeters, Patriek Mistiaen, Anneke L. Francke},
  title        = {Costs and financial benefits of video communication compared to usual care at home: a systematic review},
  journaltitle = {Journal of Telemedicine and Telecare},
  year         = {2011},
  volume       = {17},
  pages        = {403-411},
}

@Online{foa,
  title        = {Lønmagasin 2016 - kommunalt},
  year         = {2016},
  url          = {http://www.e-pages.dk/foa/488/},
  organization = {FOA},
  urldate      = {2016-05-11},
}

@Online{dsr,
  title   = {Lønstatistik for sygeplejersker ansat i kommuner og regioner},
  url     = {https://dsr.dk/loen-og-arbejdsvilkaar/loenstatistik-for-sygeplejesker-ansat-i-kommuner-og-regioner},
  urldate = {2016-05-11},
}

@Article{ben,
  author       = {Mark Bensink, David Hailey, Richard Wootton},
  title        = {A systematic review of successes and failures in home telehealth: preliminary results},
  journaltitle = {Journal of Telemedicine and Telecare},
  year         = {2006},
  volume       = {12(7)},
  pages        = {8-16},
}

@TechReport{arto,
  author      = {Arto Heikkinen},
  title       = {Performance evaluation of distributed data delivery on mobile devices using WebRTC},
  institution = {Center for Internet Excellence, University of Oulu},
  year        = {2015},
  date        = {2015-10-02},
}

@Comment{jabref-meta: databaseType:biblatex;}
